@misc{F_DefinitionEducationalGame_3.2,
  title = {Teaching and {{Learning Resources}} / {{Educational Games}}},
  howpublished = {http://teachinglearningresources.pbworks.com/w/page/35130965/Educational\%20Games},
  file = {C:\\Users\\franz\\Zotero\\storage\\BQ3W26AX\\Educational Games.html}
}

@misc{F_erfolgreicheEducationalGames_3.2,
  title = {Educational {{Games}} - Schule.At},
  howpublished = {https://www.schule.at/it-infrastruktur/technologie-trends/game-based-learning/educational-games.html},
  file = {C:\\Users\\franz\\Zotero\\storage\\KAS4D2WI\\educational-games.html}
}

@misc{F_Lernspiel_3.2,
  title = {Lernspiel - {{Wikiwand}}},
  howpublished = {http://www.wikiwand.com/de/Lernspiel},
  file = {C:\\Users\\franz\\Zotero\\storage\\ZCA5Z4QC\\Lernspiel.html}
}

@misc{F_InzidentellesLernen_3.2,
  title = {{inzidentelles Lernen}},
  abstract = {Lernprozesse finden nur zu einem kleinen Teil in Bildungseinrichtungen statt, denn Menschen lernen am Arbeitsplatz, Hause und anderen Communities, d.h., im Austausch mit Familie, Freunden, Nachbarn sonstigen Menschen, denen eine soziale Beziehung besteht, beim gemeinschaftlichen Sport, Verein organisierten zivilgesellschaftlichem Engagement.},
  language = {de},
  author = {Stangl, Werner},
  file = {C:\\Users\\franz\\Zotero\\storage\\JKC5G2YN\\inzidentelles-lernen.html}
}

@article{F_Robotik_3.3.5.3,
  chapter = {Wissenschaft},
  title = {Zuckerberg vs. {{Musk}}: {{Wir}} Sind Zu Dumm F{\"u}r K{\"u}nstliche {{Intelligenz}}},
  shorttitle = {Zuckerberg vs. {{Musk}}},
  abstract = {Zwei Milliard{\"a}re werden giftig: Es geht um die Frage, ob k{\"u}nstliche Intelligenz die Menschheit bedroht. Der Streit zwischen Mark Zuckerberg und Elon Musk ist sehr unterhaltsam - geht aber am Thema vorbei.},
  journal = {Spiegel Online},
  author = {St{\"o}cker, Christian},
  month = jul,
  year = {2017},
  keywords = {Facebook,KÃ¼nstliche Intelligenz,Meinung,S.P.O.N. - Die Kolumnisten},
  file = {C:\\Users\\franz\\Zotero\\storage\\ZYY2LHH5\\mark-zuckerberg-und-elon-musk-zukunft-der-kuenstlichen-intelligenz-a-1160095.html}
}

@misc{F_BigData_3.3.5.1,
  title = {The {{Four V}}'s of {{Big Data}}},
  abstract = {IBM data scientists break big data into four dimensions: volume, variety, velocity and veracity. This infographic explains and gives examples of~each.
For updated figures, please refer to the...},
  language = {en},
  howpublished = {http://www.ibmbigdatahub.com/infographic/four-vs-big-data},
  journal = {IBM Big Data \& Analytics Hub},
  file = {C:\\Users\\franz\\Zotero\\storage\\4X5NKQGV\\four-vs-big-data.html}
}

@misc{M_CNN_3.2.2.2,
  title = {Rltutorial.Pdf},
  howpublished = {http://old.nbu.bg/cogs/events/2000/Readings/Petrov/rltutorial.pdf},
  file = {C:\\Users\\franz\\Zotero\\storage\\V69YA7J7\\rltutorial.pdf}
}

@misc{M_CNN_3.2.2.2,
  title = {{{CS231n Convolutional Neural Networks}} for {{Visual Recognition}}},
  howpublished = {https://cs231n.github.io/convolutional-networks/},
  file = {C:\\Users\\franz\\Zotero\\storage\\7NZQKJC4\\convolutional-networks.html}
}

@misc{M_DL4J_Many,
  title = {Introduction to {{Deep Neural Networks}} - {{Deeplearning4j}}: {{Open}}-Source, {{Distributed Deep Learning}} for the {{JVM}}},
  howpublished = {https://deeplearning4j.org/neuralnet-overview},
  file = {C:\\Users\\franz\\Zotero\\storage\\2GCJNL62\\neuralnet-overview.html}
}

@book{F_KI_3.3.1,
  address = {New York},
  title = {{The Quest for Artificial Intelligence. A History of Ideas and Achievements}},
  isbn = {978-0-521-12293-1},
  language = {englisch},
  publisher = {{Cambrige University Press}},
  author = {Nilsson, Nils J.},
  year = {2009}
}

@misc{M_AlphaGo_1.1,
  title = {{{AlphaGo}}},
  howpublished = {https://deepmind.com/research/alphago/},
  journal = {DeepMind},
  file = {C:\\Users\\franz\\Zotero\\storage\\CHHLRRCK\\alphago.html}
}

@article{F_TuringTest_3.3.1,
  title = {{Computing machinery and intelligence}},
  language = {englisch},
  number = {No. 236},
  author = {Turing, Alan},
  year = {1950}
}

@misc{F_DataMining_3.3.5.2,
  title = {{Was ist Data Mining?}},
  abstract = {Data Mining ist die systematische Anwendung computergest{\"u}tzter Methoden, um in vorhandenen Datenbest{\"a}nden Muster, Trends oder Zusammenh{\"a}nge zu finden. Zur Wissensentdeckung eingesetzte Algorithmen basieren unter anderem auf statistischen Methoden.},
  language = {de},
  howpublished = {https://www.bigdata-insider.de/was-ist-data-mining-a-593421/},
  file = {C:\\Users\\franz\\Zotero\\storage\\ERHX79ZN\\was-ist-data-mining-a-593421.html}
}

@misc{F_DeepLearning_3.3.2.2,
  title = {{Deep Learning: Wie Maschinen lernen lernen}},
  shorttitle = {{Deep Learning}},
  abstract = {Deep Learning macht k{\"u}nstliche Intelligenz praxistauglich.},
  language = {de},
  howpublished = {http://www.spektrum.de/news/maschinenlernen-deep-learning-macht-kuenstliche-intelligenz-praxistauglich/1220451},
  file = {C:\\Users\\franz\\Zotero\\storage\\2TKR9UJT\\1220451.html}
}

@misc{F_neuronaleNetze_3.3.2.2,
  title = {{KI und Machine Learning: Eine kleine Geschichte der K{\"u}nstlichen Intelligenz}},
  shorttitle = {{KI und Machine Learning}},
  abstract = {Die K{\"u}nstliche Intelligenz boomt \textendash{} aber sie ist nicht vom Himmel gefallen. Was wir heute erleben, ist das Ergebnis von Gedanken und T{\"u}fteleien genialer Vordenker. Eine kleine Geschichte der KI zeigt die wichtigsten Stationen - von Turing bis Watson. - Seite 5},
  language = {de},
  howpublished = {https://www.computerwoche.de/a/eine-kleine-geschichte-der-kuenstlichen-intelligenz,3330537},
  file = {C:\\Users\\franz\\Zotero\\storage\\59AXJXMC\\eine-kleine-geschichte-der-kuenstlichen-intelligenz,3330537,5.html}
}

@misc{F_AIDfinition_3.3.1,
  title = {What Is {{Artificial Intelligence}} ({{AI}})? - {{Definition}} from {{Techopedia}}},
  shorttitle = {What Is {{Artificial Intelligence}} ({{AI}})?},
  abstract = {Artificial Intelligence AI Definition - Artificial intelligence (AI) is an area of compute},
  language = {en},
  howpublished = {https://www.techopedia.com/definition/190/artificial-intelligence-ai},
  journal = {Techopedia.com},
  file = {C:\\Users\\franz\\Zotero\\storage\\9AYKC8DN\\artificial-intelligence-ai.html}
}

@misc{F_Scrum_2.1,
  title = {{Was ist Scrum?}},
  abstract = {Scrum stammt aus der Softwareentwicklung und beschreibt agile Methoden der Softwareerstellung. Es hat sich als generelle Vorgehensweise etabliert und ist nicht auf die Softwareentwicklung beschr{\"a}nkt. Scrum kommt in der Produktentwicklung zum Einsatz.},
  language = {de},
  howpublished = {https://www.dev-insider.de/was-ist-scrum-a-575361/},
  file = {C:\\Users\\franz\\Zotero\\storage\\W5B42GR3\\was-ist-scrum-a-575361.html}
}

@misc{F_Agile_2.1,
  title = {{Was ist agile Softwareentwicklung?}},
  abstract = {Agile Softwareentwicklung soll daf{\"u}r sorgen, dass Entwicklungsprojekte einfach, unb{\"u}rokratisch und iterativ ablaufen. Agile Methoden und Prozesse wie Scrum k{\"o}nnen somit Zeit und Kosten sparen.},
  language = {de},
  howpublished = {https://www.dev-insider.de/was-ist-agile-softwareentwicklung-a-569187/},
  file = {C:\\Users\\franz\\Zotero\\storage\\3CL4XQRV\\was-ist-agile-softwareentwicklung-a-569187.html}
}

@misc{F_AgilesManifest_2.1,
  title = {Prinzipien Hinter Dem {{Agilen Manifest}}},
  howpublished = {http://agilemanifesto.org/iso/de/principles.html},
  file = {C:\\Users\\franz\\Zotero\\storage\\X5BMHFHD\\principles.html}
}

@misc{F_Mario_4.3.3,
  title = {{Nichts wie ab auf Nintendos Super Mario-Portal!}},
  abstract = {Auf Nintendos offiziellem Super Mario-Portal kannst du die Super Mario-Spiele entdecken!},
  language = {de-DE},
  howpublished = {https://www.nintendo.de/Spiele/Nintendo-Portal/Super-Mario-Portal/Super-Mario-Portal-627604.html},
  journal = {Nintendo of Europe GmbH},
  file = {C:\\Users\\franz\\Zotero\\storage\\KUIZJJLB\\Super-Mario-Portal-627604.html}
}

@misc{F_VorteileEducationalGames_3.2.2,
  type = {{Page}},
  title = {{Game Based Learning \textemdash{} e-teaching.org}},
  abstract = {Bereits Ende der 1990er Jahre kamen \textendash{} zun{\"a}chst meist eher einfache \textendash{} bildschirm-, computer- bzw. internetbasierte Spiele auch in (formellen) Lehr- und Lernkontexten zum Einsatz. Mit der Vermittlung von Wissen durch Spiele, insbesondere Computerspiele, ist vor allem die Erwartung verbunden, die Motivation der Lernenden zu erh{\"o}hen und Lernprozesse durch die aktive Anwendung und Vertiefung von Kenntnissen zu unterst{\"u}tzen.},
  language = {de},
  howpublished = {https://www.e-teaching.org/didaktik/konzeption/methoden/lernspiele/game\_based\_learning/},
  author = {{spanke}},
  file = {C:\\Users\\franz\\Zotero\\storage\\68HLXP6K\\game_based_learning.html}
}

@misc{F_6.3_UnityCollab,
  title = {{Unity - Unity Services - Collaborate}},
  abstract = {Unity is the ultimate game development platform. Use Unity to build high-quality 3D and 2D games, deploy them across mobile, desktop, VR/AR, consoles or the Web, and connect with loyal and enthusiastic players and customers.},
  language = {de},
  howpublished = {https://unity3d.com/de/unity/features/collaborate},
  journal = {Unity},
  file = {C:\\Users\\franz\\Zotero\\storage\\TW5EEDT3\\collaborate.html}
}

@misc{F_6.3.2.2_GameObjekts,
  title = {Unity - {{Manual}}: {{GameObjects}}},
  shorttitle = {Unity - {{Manual}}},
  language = {en},
  howpublished = {https://docs.unity3d.com/Manual/GameObjects.html},
  author = {Technologies, Unity},
  file = {C:\\Users\\franz\\Zotero\\storage\\JPBDBWNH\\GameObjects.html}
}

@misc{F_6.3.2.1_Scenes,
  title = {Unity - {{Manual}}: {{Scenes}}},
  shorttitle = {Unity - {{Manual}}},
  language = {en},
  howpublished = {https://docs.unity3d.com/Manual/CreatingScenes.html},
  author = {Technologies, Unity},
  file = {C:\\Users\\franz\\Zotero\\storage\\KWITB7JP\\CreatingScenes.html}
}

@misc{F_6.3.2.4_Prefabs,
  title = {Unity - {{Manual}}: {{Prefabs}}},
  shorttitle = {Unity - {{Manual}}},
  language = {en},
  howpublished = {https://docs.unity3d.com/Manual/Prefabs.html},
  author = {Technologies, Unity},
  file = {C:\\Users\\franz\\Zotero\\storage\\JGJZ6VSL\\Prefabs.html}
}

@misc{F_6.3.2.3_Komponenten,
  title = {Unity - {{Manual}}: {{Using Components}}},
  shorttitle = {Unity - {{Manual}}},
  language = {en},
  howpublished = {https://docs.unity3d.com/Manual/UsingComponents.html},
  author = {Technologies, Unity},
  file = {C:\\Users\\franz\\Zotero\\storage\\YB5BICZG\\UsingComponents.html}
}

@misc{F_6.3.2.6_Skripte,
  title = {Unity - {{Manual}}: {{Creating}} and {{Using Scripts}}},
  shorttitle = {Unity - {{Manual}}},
  language = {en},
  howpublished = {https://docs.unity3d.com/Manual/CreatingAndUsingScripts.html},
  author = {Technologies, Unity},
  file = {C:\\Users\\franz\\Zotero\\storage\\96ASP74Q\\CreatingAndUsingScripts.html}
}

@misc{F_6.3.2.5_Sprites,
  title = {Unity - {{Manual}}: {{Sprites}}},
  shorttitle = {Unity - {{Manual}}},
  language = {en},
  howpublished = {https://docs.unity3d.com/Manual/Sprites.html},
  author = {Technologies, Unity},
  file = {C:\\Users\\franz\\Zotero\\storage\\UCVJYXDF\\Sprites.html}
}


